
@article{leonhardt_quantum_2003,
	title = {Quantum physics of {simpl}e optical instruments},
	volume = {66},
	issn = {0034-4885, 1361-6633},
	url = {https://iopscience.iop.org/article/10.1088/0034-4885/66/7/203},
	doi = {10.1088/0034-4885/66/7/203},
	number = {7},
	urldate = {2022-11-05},
	journal = {Reports on Progress in Physics},
	author = {Leonhardt, Ulf},
	month = jul,
	year = {2003},
	pages = {1207--1249},
	file = {Submitted Version:/home/stnav/Zotero/storage/LRH3MJBG/Leonhardt - 2003 - Quantum physics of simple optical instruments.pdf:application/pdf},
}

@article{wineland_radiation-pressure_1978,
	title = {Radiation-{Pressure} {Cooling} of {Bound} {Resonant} {Absorbers}},
	volume = {40},
	issn = {0031-9007},
	url = {https://link.aps.org/doi/10.1103/PhysRevLett.40.1639},
	doi = {10.1103/PhysRevLett.40.1639},
	number = {25},
	urldate = {2022-11-05},
	journal = {Physical Review Letters},
	author = {Wineland, D. J. and Drullinger, R. E. and Walls, F. L.},
	month = jun,
	year = {1978},
	pages = {1639--1642},
	file = {Full Text:/home/stnav/Zotero/storage/5WJ8SR5Q/Wineland et al. - 1978 - Radiation-Pressure Cooling of Bound Resonant Absor.pdf:application/pdf},
}

@incollection{perina_spontaneous_2014,
	title = {Spontaneous {Parametric} {Down}-{Conversion} in {Nonlinear} {Layered} {Structures}},
	volume = {59},
	isbn = {978-0-444-63379-8},
	url = {https://linkinghub.elsevier.com/retrieve/pii/B9780444633798000027},
	urldate = {2022-11-05},
	booktitle = {Progress in {Optics}},
	publisher = {Elsevier},
	author = {Peřina, Jan},
	year = {2014},
	doi = {10.1016/B978-0-444-63379-8.00002-7},
	pages = {89--158},
}

@article{minganti_quantum_2019,
	title = {Quantum exceptional points of non-{Hermitian} {Hamiltonians} and {Liouvillians}: {The} effects of quantum jumps},
	volume = {100},
	issn = {2469-9926, 2469-9934},
	shorttitle = {Quantum exceptional points of non-{Hermitian} {Hamiltonians} and {Liouvillians}},
	url = {https://link.aps.org/doi/10.1103/PhysRevA.100.062131},
	doi = {10.1103/PhysRevA.100.062131},
	number = {6},
	urldate = {2022-11-05},
	journal = {Physical Review A},
	author = {Minganti, Fabrizio and Miranowicz, Adam and Chhajlany, Ravindra W. and Nori, Franco},
	month = dec,
	year = {2019},
	pages = {062131},
	file = {Submitted Version:/home/stnav/Zotero/storage/XXQAWB5V/Minganti et al. - 2019 - Quantum exceptional points of non-Hermitian Hamilt.pdf:application/pdf},
}

@article{lloyd_any_1992,
	title = {Any nonlinear gate, with linear gates, suffices for computation},
	volume = {167},
	issn = {03759601},
	url = {https://linkinghub.elsevier.com/retrieve/pii/037596019290201V},
	doi = {10.1016/0375-9601(92)90201-V},
	number = {3},
	urldate = {2022-11-05},
	journal = {Physics Letters A},
	author = {Lloyd, Seth},
	month = jul,
	year = {1992},
	pages = {255--260},
	file = {Full Text:/home/stnav/Zotero/storage/L82JCIU6/Lloyd - 1992 - Any nonlinear gate, with linear gates, suffices fo.pdf:application/pdf},
}

@article{yung_polarization_2022,
	title = {Polarization coincidence images from metasurfaces with HOM-type interference},
	volume = {25},
	issn = {25890042},
	url = {https://linkinghub.elsevier.com/retrieve/pii/S2589004222004254},
	doi = {10.1016/j.isci.2022.104155},
	number = {4},
	urldate = {2022-11-05},
	journal = {iScience},
	author = {Yung, Tsz Kit and Xi, Jiawei and Liang, Hong and Lau, Kai Ming and Wong, Wai Chun and Tanuwijaya, Randy Stefan and Zhong, Fan and Liu, Hui and Tam, Wing Yim and Li, Jensen},
	month = apr,
	year = {2022},
	pages = {104155},
	file = {Full Text:/home/stnav/Zotero/storage/JMH5NTEJ/Yung et al. - 2022 - Polarization coincidence images from metasurfaces .pdf:application/pdf},
}

@article{ball_physicists_2020,
	title = {Physicists in {China} challenge {Google}’s ‘quantum advantage’},
	volume = {588},
	issn = {0028-0836, 1476-4687},
	url = {http://www.nature.com/articles/d41586-020-03434-7},
	doi = {10.1038/d41586-020-03434-7},
	number = {7838},
	urldate = {2022-11-05},
	journal = {Nature},
	author = {Ball, Philip},
	month = dec,
	year = {2020},
	pages = {380--380},
}

@article{hong_measurement_1987,
	title = {Measurement of subpicosecond time intervals between two photons by interference},
	volume = {59},
	issn = {0031-9007},
	url = {https://link.aps.org/doi/10.1103/PhysRevLett.59.2044},
	doi = {10.1103/PhysRevLett.59.2044},
	number = {18},
	urldate = {2022-11-05},
	journal = {Physical Review Letters},
	author = {Hong, C. K. and Ou, Z. Y. and Mandel, L.},
	month = nov,
	year = {1987},
	pages = {2044--2046},
}

@article{aspect_experimental_1982,
	title = {Experimental {Realization} of {Einstein}-{Podolsky}-{Rosen}-{Bohm} \textit{{Gedankenexperiment}} : {A} {New} {Violation} of {Bell}'s {Inequalities}},
	volume = {49},
	issn = {0031-9007},
	shorttitle = {Experimental {Realization} of {Einstein}-{Podolsky}-{Rosen}-{Bohm} \textit{{Gedankenexperiment}}},
	url = {https://link.aps.org/doi/10.1103/PhysRevLett.49.91},
	doi = {10.1103/PhysRevLett.49.91},
	number = {2},
	urldate = {2022-11-05},
	journal = {Physical Review Letters},
	author = {Aspect, Alain and Grangier, Philippe and Roger, Gérard},
	month = jul,
	year = {1982},
	pages = {91--94},
	file = {Full Text:/home/stnav/Zotero/storage/ASTZ3655/Aspect et al. - 1982 - Experimental Realization of Einstein-Podolsky-Rose.pdf:application/pdf},
}

@article{ashkin_acceleration_1970,
	title = {Acceleration and {Trapping} of {Particles} by {Radiation} {Pressure}},
	volume = {24},
	issn = {0031-9007},
	url = {https://link.aps.org/doi/10.1103/PhysRevLett.24.156},
	doi = {10.1103/PhysRevLett.24.156},
	number = {4},
	urldate = {2022-11-05},
	journal = {Physical Review Letters},
	author = {Ashkin, A.},
	month = jan,
	year = {1970},
	pages = {156--159},
	file = {Full Text:/home/stnav/Zotero/storage/Z73B85S6/Ashkin - 1970 - Acceleration and Trapping of Particles by Radiatio.pdf:application/pdf},
}


@article{wong_quantum_2022,
	title = {Quantum optics of lossy metasurfaces: {Propagating} the photon-moment matrix by the semiclassical {Liouvillian}},
	volume = {106},
	issn = {2469-9926, 2469-9934},
	shorttitle = {Quantum optics of lossy metasurfaces},
	url = {https://link.aps.org/doi/10.1103/PhysRevA.106.013503},
	doi = {10.1103/PhysRevA.106.013503},
	number = {1},
	urldate = {2022-11-05},
	journal = {Physical Review A},
	author = {Wong, Wai Chun and Lau, Kai Ming and Liang, Hong and Yung, Tsz Kit and Zeng, Bei and Li, Jensen},
	month = jul,
	year = {2022},
	pages = {013503},
}


@article{arkhipov_liouvillian_2020,
	title = {Liouvillian exceptional points of any order in dissipative linear bosonic systems: {Coherence} functions and switching between {PT} and anti- {PT} symmetries},
	volume = {102},
	issn = {2469-9926, 2469-9934},
	shorttitle = {Liouvillian exceptional points of any order in dissipative linear bosonic systems},
	url = {https://link.aps.org/doi/10.1103/PhysRevA.102.033715},
	doi = {10.1103/PhysRevA.102.033715},
	number = {3},
	urldate = {2022-11-05},
	journal = {Physical Review A},
	author = {Arkhipov, Ievgen I. and Miranowicz, Adam and Minganti, Fabrizio and Nori, Franco},
	month = sep,
	year = {2020},
	pages = {033715},
	file = {Submitted Version:/home/stnav/Zotero/storage/PFICSFER/Arkhipov et al. - 2020 - Liouvillian exceptional points of any order in dis.pdf:application/pdf},
}
